@misc{website:halide,
    title = "Halide Language",
    month = "August",
    year = "2015",
    url = "http://halide-lang.org/"
},

@misc{website:halide_rep,
    title = "Halide Repository",
    month = "August",
    year = "2015",
    url = "https://github.com/halide/Halide/"
},

@misc{website:halide_runtime,
    title = "Halide Runtime",
    month = "August",
    year = "2015",
    url = "https://github.com/halide/Halide/tree/master/src/runtime"
},

@misc{website:opencl,
    author = "Kronos Group",
    title = "OpenCL",
    month = "August",
    year = "2015",
    url = "https://www.khronos.org/opencl/"
},

@misc{website:opencl_tut,
    title = "AMD OpenCL Tutorial",
    month = "August",
    year = "2015",
    url = "http://developer.amd.com/tools-and-sdks/opencl-zone/opencl-resources/introductory-tutorial-to-opencl/"
},

@misc{website:kernel_example,
    title = "OpenCL kernel example",
    month = "August",
    year = "2015",
    url = "https://github.com/cornell-zhang/hetero/tree/master/halide/kernel_exec"
},

@misc{website:picasso,
    title = "Xilinx Vivado Design Suite",
    month = "August",
    year = "2015",
    url = "http://www.xilinx.com/products/design-tools/vivado.html"
},

@misc{website:aot_gpu,
    title = "Convolution with blur kernel",
    month = "August",
    year = "2015",
    url = "https://github.com/cornell-zhang/hetero/tree/master/halide/aot_gpu"
},

